@book{AchimProbability,
author = {Klenke, Achim.},
address = {London},
booktitle = {Probability theory : a comprehensive course},
isbn = {9781848000476},
keywords = {Probabilities},
language = {eng},
publisher = {Springer},
series = {Universitext},
title = {Probability theory : a comprehensive course },
year = {2008},
}

@book{Durrett,
author = {Durrett, Richard},
address = {Cambridge},
booktitle = {Probability : theory and examples},
edition = {Fifth edition.},
isbn = {9781108591034},
keywords = {Probabilities},
language = {eng},
publisher = {Cambridge University Press},
series = {Cambridge series in statistical and probabilistic mathematics ; 49},
title = {Probability : theory and examples },
year = {2019},
}

@book{MeasuresMetric,
author = {Parthasarathy, K. R.},
address = {Providence, R.I},
booktitle = {Probability measures on metric spaces},
isbn = {082183889x},
keywords = {Probability measures},
language = {eng},
lccn = {2005048182},
publisher = {AMS Chelsea Pub.},
title = {Probability measures on metric spaces },
year = {2005 - 1967},
}

@book{Billingsley,
  Title                    = {Probability and Measure},
  Author                   = {Patrick Billingsley},
  Publisher                = {John Wiley and Sons},
  Year                     = {1995},
  Edition                  = {Third}
}

@book{10.5555/217651,
    author = {Shiryaev, Albert Nikolaevich and Boas, R. P.},
    title = {Probability (2nd Ed.)},
    year = {1995},
    isbn = {0387945490},
    publisher = {Springer-Verlag},
    address = {Berlin, Heidelberg}
}

@book{PrincetonFourierAnalysis,
author = {Stein, Elias M.},
address = {Princeton ;},
booktitle = {Fourier analysis : an introduction},
isbn = {069111384x},
keywords = {Fourier analysis},
language = {eng},
publisher = {Princeton University Press},
series = {Princeton lectures in analysis ; 1},
title = {Fourier analysis : an introduction },
year = {2003},
}

@book{BrezisFuncAnalysis,
author = {Brezis, Haim.},
address = {New York, NY},
edition = {1st ed. 2011.},
isbn = {1-283-47619-3},
keywords = {Functional analysis},
language = {eng},
publisher = {Springer New York},
series = {Universitext},
title = {Functional Analysis, Sobolev Spaces and Partial Differential Equations},
year = {2011},
}

@book{KreyszigFuncAnalysis,
author = {Kreyszig, Erwin.},
address = {New York},
booktitle = {Introductory functional analysis with applications},
edition = {Wiley Classics Library ed.},
isbn = {9780471504597},
keywords = {Functional analysis},
language = {eng},
publisher = {Wiley},
series = {Wiley classics library},
title = {Introductory functional analysis with applications },
year = {1989 - 1978},
}

@article{DudleySkorohod,
    author = {R. M. Dudley},
    title = {{Distances of Probability Measures and Random Variables}},
    volume = {39},
    journal = {The Annals of Mathematical Statistics},
    number = {5},
    publisher = {Institute of Mathematical Statistics},
    pages = {1563 -- 1572},
    year = {1968},
    doi = {10.1214/aoms/1177698137},
    URL = {https://doi.org/10.1214/aoms/1177698137}
}

@article{HeydeC.C.1963OaPo,
    abstract = {In this paper it is established that the lognormal distribution is not determined by its moments. Some brief comments are made on the set of distributions having the same moments as a lognormal distribution.},
    author = {Heyde, C. C.},
    address = {London},
    copyright = {1963 The Authors},
    issn = {0035-9246},
    journal = {Journal of the Royal Statistical Society. Series B, Methodological},
    keywords = {Mathematical moments ; Property titles},
    language = {eng},
    number = {2},
    pages = {392-393},
    publisher = {Royal Statistical Society},
    title = {On a Property of the Lognormal Distribution},
    volume = {25},
    year = {1963},
}

@article{EtemadiSLLN,
    author={N. Etemadi},
    year={1981},
    title={An elementary proof of the strong law of large numbers},
    journal={Zeitschrift f√ºr Wahrscheinlichkeitstheorie und Verwandte Gebiete},
    volume={55},
    number={1},
    pages={119-122},
    note={ID: Etemadi1981},
    isbn={1432-2064},
    url={https://doi.org/10.1007/BF01013465},
    doi={10.1007/BF01013465}
}

@article{convex_decay,
    title = {Characterization of Log-convex decay in non-selfadjoint dynamics},
    journal = {Electronic Research Announcements},
    volume = {25},
    number = {0},
    pages = {72-86},
    year = {2018},
    author = {Jon Johnsen},
}

@article{characteristic_function,
 ISSN = {00018678},
 URL = {http://www.jstor.org/stable/1425805},
 abstract = {The paper gives a survey of the theory of univariate characteristic functions. These functions were originally introduced as tools in the study of limit theorems but it was later realized that they had an independent mathematical interest. Those parts of the theory which can be found in textbooks are treated only briefly; the main emphasis is placed on more recent developments and areas where active research is still in progress.},
 author = {Eugene Lukacs},
 journal = {Advances in Applied Probability},
 number = {1},
 pages = {1--38},
 publisher = {Applied Probability Trust},
 title = {A Survey of the Theory of Characteristic Functions},
 urldate = {2022-08-19},
 volume = {4},
 year = {1972}
}





